<record><leader>00000cas a2200000 a 4500</leader><controlfield tag="001">34111461</controlfield><controlfield tag="008">960131d19361937caudn ne      0    0eng c</controlfield><datafield ind1=" " ind2=" " tag="010"><subfield code="a">sn 95062158 </subfield></datafield><datafield ind1=" " ind2=" " tag="040"><subfield code="a">CNK</subfield><subfield code="b">eng</subfield><subfield code="c">CNK</subfield><subfield code="d">CNK</subfield><subfield code="d">OCLCQ</subfield><subfield code="d">OCLCF</subfield><subfield code="d">OCLCO</subfield></datafield><datafield ind1="1" ind2=" " tag="029"><subfield code="a">AU@</subfield><subfield code="b">000012204524</subfield></datafield><datafield ind1=" " ind2=" " tag="042"><subfield code="a">pcc</subfield></datafield><datafield ind1=" " ind2=" " tag="043"><subfield code="a">n-us-ca</subfield></datafield><datafield ind1="0" ind2=" " tag="130"><subfield code="a">Morning free press (Ventura, Calif.)</subfield></datafield><datafield ind1="1" ind2="0" tag="245"><subfield code="a">Morning free press.</subfield></datafield><datafield ind1="1" ind2=" " tag="246"><subfield code="i">Sunday issues published as:</subfield><subfield code="a">Sunday star-free press</subfield><subfield code="f">Aug. 30-Dec. 20, 1936</subfield></datafield><datafield ind1="1" ind2="7" tag="246"><subfield code="a">Ventura morning free press</subfield></datafield><datafield ind1=" " ind2=" " tag="260"><subfield code="a">Ventura, Calif. :</subfield><subfield code="b">Jess M. Worley</subfield></datafield><datafield ind1=" " ind2=" " tag="300"><subfield code="a">v.</subfield></datafield><datafield ind1=" " ind2=" " tag="310"><subfield code="a">Daily (except Mon.)</subfield></datafield><datafield ind1="0" ind2=" " tag="362"><subfield code="a">60th year, no. 245 (Aug. 27, 1936)-61st year, no. 124 (Apr. 9, 1937).</subfield></datafield><datafield ind1=" " ind2=" " tag="515"><subfield code="a">Sunday issues carry a second vol. designation of Ventura County Star, Vol. 53, no. 65 (Aug. 30, 1936) to v. 53, no. 82 (Sept. 20, 1936). Sunday issues from Sept. 27-Dec. 13, 1936 called Vol. 1, no. 5 to v. 1, no. 16.</subfield></datafield><datafield ind1=" " ind2=" " tag="530"><subfield code="a">Master negatives are available for duplication from:</subfield><subfield code="b">California Newspaper Microfilm Archive;</subfield><subfield code="c">positive copies may be purchased by the reel; for further information consult the CNMA at:</subfield><subfield code="u">http://cbsr.ucr.edu</subfield></datafield><datafield ind1=" " ind2="0" tag="651"><subfield code="a">Ventura (Calif.)</subfield><subfield code="v">Newspapers.</subfield></datafield><datafield ind1=" " ind2="7" tag="655"><subfield code="a">Newspapers.</subfield><subfield code="2">fast</subfield><subfield code="0">(OCoLC)fst01423814</subfield></datafield><datafield ind1=" " ind2="7" tag="651"><subfield code="a">California</subfield><subfield code="z">Ventura.</subfield><subfield code="2">fast</subfield><subfield code="0">(OCoLC)fst01212931</subfield></datafield><datafield ind1=" " ind2=" " tag="752"><subfield code="a">United States</subfield><subfield code="b">California</subfield><subfield code="c">Ventura</subfield><subfield code="d">Ventura.</subfield></datafield><datafield ind1="0" ind2="0" tag="780"><subfield code="t">Ventura free press (Ventura, Calif. : 1921)</subfield><subfield code="w">(DLC)sn 95062161</subfield></datafield><datafield ind1="0" ind2="7" tag="785"><subfield code="t">Ventura County star (Ventura, Calif. : 1936)</subfield><subfield code="w">(DLC)sn 95062157</subfield></datafield><datafield ind1="0" ind2="7" tag="785"><subfield code="t">Ventura County star-free press</subfield><subfield code="w">(DLC)sn 91066455</subfield></datafield></record>